
@article{tomas_peopling_2002,
	title = {The peopling of {S}ão {T}omé ({G}ulf of {G}uinea): origins of slave settlers and admixture with the {P}ortuguese},
	volume = {74},
	shorttitle = {The peopling of Sao Tome (Gulf of Guinea)},
	url = {http://muse.jhu.edu/journals/hub/summary/v074/74.3tomas.html},
	number = {3},
	urldate = {2014-09-30},
	journal = {Human Biology},
	author = {Tomás, Gil and Seco, Luisa and Seixas, Susana and Faustino, Paula and Lavinha, Joao and Rocha, Jorge},
	year = {2002},
	pages = {397--411},
	file = {Snapshot:/Users/giltomas/Library/Application Support/Firefox/Profiles/oi17mj7r.default/zotero/storage/ICJ4947Z/74.3tomas.html:text/html}
}

@article{van_staveren_role_2012,
	title = {Role of {E}pac and protein kinase {A} in thyrotropin-induced gene expression in primary thyrocytes},
	volume = {318},
	url = {http://www.sciencedirect.com/science/article/pii/S0014482711005039},
	number = {5},
	urldate = {2014-09-30},
	journal = {Experimental Cell Research},
	author = {van Staveren, Wilma CG and Beeckman, Sandrine and Tomás, Gil and Dom, Geneviève and Hébrant, Aline and Delys, Laurent and Vliem, Marjolein J. and Trésallet, Christophe and Andry, Guy and Franc, Brigitte and {others}},
	year = {2012},
	pages = {444--452},
	file = {[HTML] from sciencedirect.com:/Users/giltomas/Library/Application Support/Firefox/Profiles/oi17mj7r.default/zotero/storage/PQRQ3C2A/S0014482711005039.html:text/html}
}

@article{tomas_general_2012,
	title = {A general method to derive robust organ-specific gene expression-based differentiation indices: application to thyroid cancer diagnostic},
	volume = {31},
	shorttitle = {A general method to derive robust organ-specific gene expression-based differentiation indices},
	url = {http://www.nature.com/onc/journal/v31/n41/abs/onc2011626a.html},
	number = {41},
	urldate = {2014-09-30},
	journal = {Oncogene},
	author = {Tomás, Gil and Tarabichi, Maxime and Gacquer, David and Hebrant, Aline and Dom, Geneviève and Dumont, J. E. and Keutgen, X. and Fahey, T. J. and Maenhaut, Carine and Detours, Vincent},
	year = {2012},
	pages = {4490--4498},
	file = {[HTML] from nature.com:/Users/giltomas/Library/Application Support/Firefox/Profiles/oi17mj7r.default/zotero/storage/J9XVFQ6W/onc2011626a.html:text/html;Snapshot:/Users/giltomas/Library/Application Support/Firefox/Profiles/oi17mj7r.default/zotero/storage/GTXEEBUK/onc2011626a.html:text/html}
}

@article{dom_5-aza-2-deoxycytidine_2013,
	title = {5-Aza-2'-deoxycytidine has minor effects on differentiation in human thyroid cancer cell lines, but modulates genes that are involved in adaptation in vitro},
	volume = {23},
	url = {http://online.liebertpub.com/doi/abs/10.1089/thy.2012.0388},
	number = {3},
	urldate = {2014-09-30},
	journal = {Thyroid},
	author = {Dom, Geneviève and Galdo, Vanessa Chico and Tarabichi, Maxime and Tomás, Gil and Hébrant, Aline and Andry, Guy and De Martelar, Viviane and Libert, Frédérick and Leteurtre, Emmanuelle and Dumont, Jacques E. and {others}},
	year = {2013},
	pages = {317--328},
	file = {[HTML] from nih.gov:/Users/giltomas/Library/Application Support/Firefox/Profiles/oi17mj7r.default/zotero/storage/8KB3RPSF/PMC3593687.html:text/html;Snapshot:/Users/giltomas/Library/Application Support/Firefox/Profiles/oi17mj7r.default/zotero/storage/VZK59HE5/cookieAbsent.html:text/html}
}

@article{gomez_patterns_2013,
	title = {Patterns of nucleotide and haplotype diversity at {ICAM}-1 across global human populations with varying levels of malaria exposure},
	volume = {132},
	url = {http://link.springer.com/article/10.1007/s00439-013-1284-5},
	number = {9},
	urldate = {2014-09-30},
	journal = {Human Genetics},
	author = {Gomez, Felicia and Tomás, Gil and Ko, Wen-Ya and Ranciaro, Alessia and Froment, Alain and Ibrahim, Muntaser and Lema, Godfrey and Nyambo, Thomas B. and Omar, Sabah A. and Wambebe, Charles and {others}},
	year = {2013},
	pages = {987--999},
	file = {[HTML] from springer.com:/Users/giltomas/Library/Application Support/Firefox/Profiles/oi17mj7r.default/zotero/storage/GU2SZVJP/fulltext.html:text/html;Snapshot:/Users/giltomas/Library/Application Support/Firefox/Profiles/oi17mj7r.default/zotero/storage/Q6RSDAHU/s00439-013-1284-5.html:text/html}
}
